[gd_scene load_steps=19 format=2]

[ext_resource path="res://components/_root-scenes/menu.gd" type="Script" id=1]
[ext_resource path="res://assets/images/textBox2.png" type="Texture" id=2]
[ext_resource path="res://assets/images/textBox.png" type="Texture" id=3]
[ext_resource path="res://assets/images/startscreen.png" type="Texture" id=4]
[ext_resource path="res://assets/fonts/Oxanium-SemiBold.ttf" type="DynamicFontData" id=5]
[ext_resource path="res://assets/materials/ice.png" type="Texture" id=6]
[ext_resource path="res://assets/penguins/cape/cape_penguin_icon.png" type="Texture" id=7]
[ext_resource path="res://components/background_music/background_music.tscn" type="PackedScene" id=8]
[ext_resource path="res://components/_root-scenes/options.tscn" type="PackedScene" id=9]
[ext_resource path="res://components/_root-scenes/TextureRect.gd" type="Script" id=10]
[ext_resource path="res://assets/dialogue_title.tres" type="DynamicFont" id=11]

[sub_resource type="DynamicFont" id=1]
size = 100
font_data = ExtResource( 5 )

[sub_resource type="DynamicFont" id=2]
size = 40
font_data = ExtResource( 5 )

[sub_resource type="DynamicFont" id=3]
size = 20
font_data = ExtResource( 5 )

[sub_resource type="DynamicFont" id=4]
size = 123
outline_size = 4
font_data = ExtResource( 5 )

[sub_resource type="Theme" id=5]
default_font = SubResource( 4 )

[sub_resource type="StyleBoxFlat" id=6]
bg_color = Color( 0.129412, 0.129412, 0.129412, 0.490196 )

[sub_resource type="Theme" id=7]
default_font = ExtResource( 11 )

[node name="Menu" type="Control"]
anchor_right = 1.0
anchor_bottom = 1.0
script = ExtResource( 1 )
__meta__ = {
"_edit_use_anchors_": false
}

[node name="BackgroundMusic" parent="." instance=ExtResource( 8 )]

[node name="TextureRect" type="TextureRect" parent="."]
anchor_right = 1.0
anchor_bottom = 1.0
margin_left = -1.26001
margin_right = -1.26001
texture = ExtResource( 4 )
expand = true
__meta__ = {
"_edit_use_anchors_": false
}

[node name="Control" type="ReferenceRect" parent="."]
anchor_left = 1.0
anchor_top = 1.0
anchor_right = 1.0
anchor_bottom = 1.0
margin_left = -512.0
margin_top = -512.0
__meta__ = {
"_edit_use_anchors_": false
}

[node name="TextureRect2" type="TextureRect" parent="Control"]
anchor_top = 0.4
anchor_right = 1.0
anchor_bottom = 1.0
texture = ExtResource( 6 )
expand = true
stretch_mode = 6
__meta__ = {
"_edit_use_anchors_": false
}

[node name="TextureRect" type="TextureRect" parent="Control"]
anchor_right = 1.0
anchor_bottom = 0.7
texture = ExtResource( 7 )
expand = true
stretch_mode = 6
flip_h = true
script = ExtResource( 10 )
__meta__ = {
"_edit_use_anchors_": false
}

[node name="MainMenu" type="Control" parent="."]
__meta__ = {
"_edit_use_anchors_": false
}

[node name="VBoxContainer" type="VBoxContainer" parent="MainMenu"]
margin_left = 125.0
margin_top = 535.0
margin_right = 1275.0
margin_bottom = 945.0
custom_constants/separation = 10
__meta__ = {
"_edit_use_anchors_": false
}

[node name="StartButton" type="TextureButton" parent="MainMenu/VBoxContainer"]
margin_right = 1150.0
margin_bottom = 230.0
rect_min_size = Vector2( 0, 230 )
mouse_default_cursor_shape = 2
texture_normal = ExtResource( 3 )
texture_hover = ExtResource( 2 )
expand = true
__meta__ = {
"_edit_use_anchors_": false
}

[node name="Label" type="Label" parent="MainMenu/VBoxContainer/StartButton"]
anchor_right = 1.0
anchor_bottom = 1.0
custom_fonts/font = SubResource( 1 )
text = "Start"
align = 1
valign = 1

[node name="ContinueButton" type="TextureButton" parent="MainMenu/VBoxContainer"]
margin_top = 240.0
margin_right = 1150.0
margin_bottom = 320.0
rect_min_size = Vector2( 0, 80 )
mouse_default_cursor_shape = 2
texture_normal = ExtResource( 3 )
texture_hover = ExtResource( 2 )
expand = true
__meta__ = {
"_edit_use_anchors_": false
}

[node name="Label" type="Label" parent="MainMenu/VBoxContainer/ContinueButton"]
anchor_right = 1.0
anchor_bottom = 1.0
custom_fonts/font = SubResource( 2 )
text = "Continue"
align = 1
valign = 1
__meta__ = {
"_edit_use_anchors_": false
}

[node name="OptionsButton" type="TextureButton" parent="MainMenu/VBoxContainer"]
margin_top = 330.0
margin_right = 1150.0
margin_bottom = 410.0
rect_min_size = Vector2( 0, 80 )
mouse_default_cursor_shape = 2
texture_normal = ExtResource( 3 )
texture_hover = ExtResource( 2 )
expand = true
__meta__ = {
"_edit_use_anchors_": false
}

[node name="Label" type="Label" parent="MainMenu/VBoxContainer/OptionsButton"]
anchor_right = 1.0
anchor_bottom = 1.0
custom_fonts/font = SubResource( 2 )
text = "Options"
align = 1
valign = 1

[node name="Saves" type="Control" parent="."]
visible = false
__meta__ = {
"_edit_use_anchors_": false
}

[node name="VBoxContainer" type="VBoxContainer" parent="Saves"]
margin_left = 125.0
margin_top = 300.0
margin_right = 1275.0
margin_bottom = 945.0
custom_constants/separation = 10
__meta__ = {
"_edit_use_anchors_": false
}

[node name="ScrollContainer" type="ScrollContainer" parent="Saves/VBoxContainer"]
margin_right = 1150.0
margin_bottom = 555.0
size_flags_vertical = 3

[node name="VBoxContainer" type="VBoxContainer" parent="Saves/VBoxContainer/ScrollContainer"]
margin_right = 1150.0
size_flags_horizontal = 3
custom_constants/separation = 10

[node name="BackButton" type="TextureButton" parent="Saves/VBoxContainer"]
margin_top = 565.0
margin_right = 1150.0
margin_bottom = 645.0
rect_min_size = Vector2( 0, 80 )
mouse_default_cursor_shape = 2
texture_normal = ExtResource( 3 )
texture_hover = ExtResource( 2 )
expand = true
__meta__ = {
"_edit_use_anchors_": false
}

[node name="Label" type="Label" parent="Saves/VBoxContainer/BackButton"]
anchor_right = 1.0
anchor_bottom = 1.0
custom_fonts/font = SubResource( 2 )
text = "Back"
align = 1
valign = 1
__meta__ = {
"_edit_use_anchors_": false
}

[node name="Options" type="Control" parent="."]
visible = false
__meta__ = {
"_edit_use_anchors_": false
}

[node name="Container" parent="Options" instance=ExtResource( 9 )]

[node name="BackButton" type="TextureButton" parent="Options"]
margin_left = 125.0
margin_top = 865.0
margin_right = 1275.0
margin_bottom = 945.0
mouse_default_cursor_shape = 2
texture_normal = ExtResource( 3 )
texture_hover = ExtResource( 2 )
expand = true
__meta__ = {
"_edit_use_anchors_": false
}

[node name="Label" type="Label" parent="Options/BackButton"]
anchor_right = 1.0
anchor_bottom = 1.0
custom_fonts/font = SubResource( 2 )
text = "Back"
align = 1
valign = 1
__meta__ = {
"_edit_use_anchors_": false
}

[node name="CreditContainer" type="VBoxContainer" parent="."]
anchor_top = 1.0
anchor_bottom = 1.0
margin_left = 10.0
margin_bottom = -10.0
grow_vertical = 0
mouse_filter = 2
alignment = 2
__meta__ = {
"_edit_use_anchors_": false
}

[node name="GameLabel" type="Label" parent="CreditContainer"]
margin_right = 603.0
margin_bottom = 21.0
custom_fonts/font = SubResource( 3 )
text = "Game by: LucaVazz, toxs1ck, Momo_Hunter and LauraWilkinson"
__meta__ = {
"_edit_use_anchors_": false
}

[node name="MusicLabel" type="Label" parent="CreditContainer"]
margin_top = 25.0
margin_right = 603.0
margin_bottom = 46.0
custom_fonts/font = SubResource( 3 )
text = "Music by: Losch"
__meta__ = {
"_edit_use_anchors_": false
}

[node name="TitleLabel" type="Label" parent="."]
anchor_right = 1.0
margin_top = 100.0
margin_bottom = 224.0
theme = SubResource( 5 )
custom_colors/font_color = Color( 1, 1, 1, 1 )
custom_colors/font_outline_modulate = Color( 0, 0, 0, 1 )
text = "Penguin Paradise"
align = 1
__meta__ = {
"_edit_use_anchors_": false
}

[node name="StartingPanel" type="PanelContainer" parent="."]
visible = false
anchor_right = 1.0
anchor_bottom = 1.0
mouse_default_cursor_shape = 5
custom_styles/panel = SubResource( 6 )
__meta__ = {
"_edit_use_anchors_": false
}

[node name="Label" type="Label" parent="StartingPanel"]
margin_top = 514.0
margin_right = 1920.0
margin_bottom = 565.0
theme = SubResource( 7 )
custom_colors/font_color = Color( 1, 1, 1, 1 )
custom_colors/font_outline_modulate = Color( 0, 0, 0, 1 )
text = "Starting..."
align = 1

[connection signal="pressed" from="MainMenu/VBoxContainer/StartButton" to="." method="_on_StartButton_pressed"]
[connection signal="pressed" from="MainMenu/VBoxContainer/ContinueButton" to="." method="_on_ContinueButton_pressed"]
[connection signal="pressed" from="MainMenu/VBoxContainer/OptionsButton" to="." method="_on_OptionsButton_pressed"]
[connection signal="pressed" from="Saves/VBoxContainer/BackButton" to="." method="_on_BackButton_pressed"]
[connection signal="pressed" from="Options/BackButton" to="." method="_on_BackButton_pressed"]
