[gd_scene load_steps=8 format=2]

[ext_resource path="res://assets/ui/Cross.png" type="Texture" id=1]
[ext_resource path="res://assets/fonts/Oxanium-SemiBold.ttf" type="DynamicFontData" id=2]
[ext_resource path="res://components/_root-scenes/savestate_entry.gd" type="Script" id=3]
[ext_resource path="res://assets/ui/play.png" type="Texture" id=4]

[sub_resource type="StyleBoxFlat" id=1]
content_margin_left = 10.0
content_margin_right = 10.0
content_margin_top = 10.0
content_margin_bottom = 10.0
bg_color = Color( 0, 0, 0, 0.447059 )

[sub_resource type="DynamicFont" id=2]
size = 50
font_data = ExtResource( 2 )

[sub_resource type="DynamicFont" id=3]
font_data = ExtResource( 2 )

[node name="SavestateEntry" type="PanelContainer"]
margin_right = 1150.0
margin_bottom = 92.0
custom_styles/panel = SubResource( 1 )
script = ExtResource( 3 )
__meta__ = {
"_edit_use_anchors_": false
}

[node name="HBoxContainer" type="HBoxContainer" parent="."]
margin_left = 10.0
margin_top = 10.0
margin_right = 1140.0
margin_bottom = 82.0
custom_constants/separation = 10

[node name="VBoxContainer" type="VBoxContainer" parent="HBoxContainer"]
margin_right = 966.0
margin_bottom = 72.0
size_flags_horizontal = 3

[node name="Name" type="Label" parent="HBoxContainer/VBoxContainer"]
margin_right = 966.0
margin_bottom = 51.0
size_flags_horizontal = 3
custom_fonts/font = SubResource( 2 )
text = "Das war ein super Saveklklkklklkkk"
clip_text = true

[node name="Date" type="Label" parent="HBoxContainer/VBoxContainer"]
margin_top = 55.0
margin_right = 966.0
margin_bottom = 72.0
custom_fonts/font = SubResource( 3 )
custom_colors/font_color = Color( 0.623529, 0.623529, 0.623529, 1 )
text = "Created: 16.05.2021 - 12:55"

[node name="PlayButton" type="TextureButton" parent="HBoxContainer"]
margin_left = 976.0
margin_right = 1048.0
margin_bottom = 72.0
rect_min_size = Vector2( 72, 0 )
hint_tooltip = "Load Save"
mouse_default_cursor_shape = 2
texture_normal = ExtResource( 4 )
expand = true
stretch_mode = 4

[node name="DeleteButton" type="TextureButton" parent="HBoxContainer"]
margin_left = 1058.0
margin_right = 1130.0
margin_bottom = 72.0
rect_min_size = Vector2( 72, 0 )
hint_tooltip = "Delete Save"
mouse_default_cursor_shape = 2
texture_normal = ExtResource( 1 )
expand = true
stretch_mode = 4

[connection signal="pressed" from="HBoxContainer/PlayButton" to="." method="_on_PlayButton_pressed"]
[connection signal="pressed" from="HBoxContainer/DeleteButton" to="." method="_on_DeleteButton_pressed"]
