[gd_scene load_steps=17 format=2]

[ext_resource path="res://assets/images/textBox2.png" type="Texture" id=1]
[ext_resource path="res://assets/fonts/Oxanium-SemiBold.ttf" type="DynamicFontData" id=2]
[ext_resource path="res://assets/images/textBox.png" type="Texture" id=3]
[ext_resource path="res://components/hud/pause_menu/pause_menu.gd" type="Script" id=4]
[ext_resource path="res://components/hud/pause_menu/control_entry.tscn" type="PackedScene" id=5]
[ext_resource path="res://assets/theme.tres" type="Theme" id=6]
[ext_resource path="res://assets/dialogue_title.tres" type="DynamicFont" id=7]
[ext_resource path="res://assets/ui/mouse_lmb.png" type="Texture" id=8]
[ext_resource path="res://assets/ui/mouse_scroll.png" type="Texture" id=9]
[ext_resource path="res://assets/ui/mouse_rmb.png" type="Texture" id=10]
[ext_resource path="res://assets/ui/mouse_mmb.png" type="Texture" id=11]
[ext_resource path="res://components/_root-scenes/options.tscn" type="PackedScene" id=12]

[sub_resource type="StyleBoxFlat" id=1]
bg_color = Color( 0.129412, 0.129412, 0.129412, 0.784314 )

[sub_resource type="DynamicFont" id=2]
size = 60
font_data = ExtResource( 2 )

[sub_resource type="DynamicFont" id=3]
size = 60
font_data = ExtResource( 2 )

[sub_resource type="StyleBoxFlat" id=4]
bg_color = Color( 0.278431, 0.278431, 0.278431, 1 )
border_width_left = 4
border_width_top = 4
border_width_right = 4
border_width_bottom = 4
border_color = Color( 0.0862745, 0.0862745, 0.0862745, 1 )
corner_radius_top_left = 16
corner_radius_top_right = 16
corner_radius_bottom_right = 16
corner_radius_bottom_left = 16

[node name="PauseMenu" type="PanelContainer"]
anchor_right = 1.0
anchor_bottom = 1.0
margin_left = 2.66968
margin_right = 2.66968
theme = ExtResource( 6 )
custom_styles/panel = SubResource( 1 )
script = ExtResource( 4 )
__meta__ = {
"_edit_use_anchors_": false
}

[node name="Buttons" type="VBoxContainer" parent="."]
margin_left = 410.0
margin_top = 320.0
margin_right = 1510.0
margin_bottom = 760.0
rect_min_size = Vector2( 1100, 0 )
size_flags_horizontal = 4
size_flags_vertical = 4
custom_constants/separation = 10

[node name="ResumeButton" type="TextureButton" parent="Buttons"]
margin_right = 1100.0
margin_bottom = 80.0
rect_min_size = Vector2( 0, 80 )
mouse_default_cursor_shape = 2
texture_normal = ExtResource( 3 )
texture_hover = ExtResource( 1 )
expand = true

[node name="Label" type="Label" parent="Buttons/ResumeButton"]
anchor_right = 1.0
anchor_bottom = 1.0
margin_left = 5.29126
margin_top = -3.17477
margin_right = 5.29126
margin_bottom = -3.17477
custom_fonts/font = SubResource( 2 )
text = "Resume Game"
align = 1
valign = 1
__meta__ = {
"_edit_use_anchors_": false
}

[node name="SaveButton" type="TextureButton" parent="Buttons"]
margin_top = 90.0
margin_right = 1100.0
margin_bottom = 170.0
rect_min_size = Vector2( 0, 80 )
mouse_default_cursor_shape = 2
texture_normal = ExtResource( 3 )
texture_hover = ExtResource( 1 )
expand = true

[node name="Label" type="Label" parent="Buttons/SaveButton"]
anchor_right = 1.0
anchor_bottom = 1.0
margin_top = 1.05829
margin_bottom = 1.05829
custom_fonts/font = SubResource( 2 )
text = "Save"
align = 1
valign = 1
__meta__ = {
"_edit_use_anchors_": false
}

[node name="ControlButton" type="TextureButton" parent="Buttons"]
margin_top = 180.0
margin_right = 1100.0
margin_bottom = 260.0
rect_min_size = Vector2( 0, 80 )
mouse_default_cursor_shape = 2
texture_normal = ExtResource( 3 )
texture_hover = ExtResource( 1 )
expand = true

[node name="Label" type="Label" parent="Buttons/ControlButton"]
anchor_right = 1.0
anchor_bottom = 1.0
margin_left = 5.29126
margin_top = -3.17477
margin_right = 5.29126
margin_bottom = -3.17477
custom_fonts/font = SubResource( 2 )
text = "Controls"
align = 1
valign = 1
__meta__ = {
"_edit_use_anchors_": false
}

[node name="OptionsButton" type="TextureButton" parent="Buttons"]
margin_top = 270.0
margin_right = 1100.0
margin_bottom = 350.0
rect_min_size = Vector2( 0, 80 )
mouse_default_cursor_shape = 2
texture_normal = ExtResource( 3 )
texture_hover = ExtResource( 1 )
expand = true

[node name="Label" type="Label" parent="Buttons/OptionsButton"]
anchor_right = 1.0
anchor_bottom = 1.0
margin_left = 2.51703
margin_right = 2.51709
custom_fonts/font = SubResource( 2 )
text = "Options"
align = 1
valign = 1
__meta__ = {
"_edit_use_anchors_": false
}

[node name="MenuButton" type="TextureButton" parent="Buttons"]
margin_top = 360.0
margin_right = 1100.0
margin_bottom = 440.0
rect_min_size = Vector2( 0, 80 )
mouse_default_cursor_shape = 2
texture_normal = ExtResource( 3 )
texture_hover = ExtResource( 1 )
expand = true

[node name="Label" type="Label" parent="Buttons/MenuButton"]
anchor_right = 1.0
anchor_bottom = 1.0
rect_pivot_offset = Vector2( 84.3319, 35 )
custom_fonts/font = SubResource( 2 )
text = "Quit to Menu"
align = 1
valign = 1
__meta__ = {
"_edit_use_anchors_": false
}

[node name="Save" type="VBoxContainer" parent="."]
visible = false
margin_left = 410.0
margin_top = 379.0
margin_right = 1510.0
margin_bottom = 700.0
rect_min_size = Vector2( 1100, 0 )
size_flags_horizontal = 4
size_flags_vertical = 4
custom_constants/separation = 10

[node name="TitleLabel" type="Label" parent="Save"]
margin_right = 1100.0
margin_bottom = 51.0
size_flags_horizontal = 3
custom_fonts/font = ExtResource( 7 )
custom_colors/font_outline_modulate = Color( 0, 0, 0, 1 )
text = "Save"
align = 1

[node name="LineEdit" type="LineEdit" parent="Save"]
margin_top = 61.0
margin_right = 1100.0
margin_bottom = 141.0
rect_min_size = Vector2( 0, 80 )
custom_fonts/font = SubResource( 3 )
align = 1
placeholder_text = "New Savestate Name"

[node name="SaveAndQuitButton" type="TextureButton" parent="Save"]
margin_top = 151.0
margin_right = 1100.0
margin_bottom = 231.0
rect_min_size = Vector2( 0, 80 )
mouse_default_cursor_shape = 2
texture_normal = ExtResource( 3 )
texture_hover = ExtResource( 1 )
expand = true

[node name="Label" type="Label" parent="Save/SaveAndQuitButton"]
anchor_right = 1.0
anchor_bottom = 1.0
custom_fonts/font = SubResource( 2 )
text = "Save and Quit to Menu"
align = 1
valign = 1
__meta__ = {
"_edit_use_anchors_": false
}

[node name="BackButton" type="TextureButton" parent="Save"]
margin_top = 241.0
margin_right = 1100.0
margin_bottom = 321.0
rect_min_size = Vector2( 0, 80 )
mouse_default_cursor_shape = 2
texture_normal = ExtResource( 3 )
texture_hover = ExtResource( 1 )
expand = true

[node name="Label" type="Label" parent="Save/BackButton"]
anchor_right = 1.0
anchor_bottom = 1.0
custom_fonts/font = SubResource( 2 )
text = "Back"
align = 1
valign = 1
__meta__ = {
"_edit_use_anchors_": false
}

[node name="Options" type="VBoxContainer" parent="."]
visible = false
margin_left = 410.0
margin_top = 365.0
margin_right = 1510.0
margin_bottom = 715.0
rect_min_size = Vector2( 1100, 350 )
size_flags_horizontal = 4
size_flags_vertical = 4
custom_constants/separation = 10

[node name="TitleLabel" type="Label" parent="Options"]
margin_right = 1100.0
margin_bottom = 51.0
size_flags_horizontal = 3
custom_fonts/font = ExtResource( 7 )
custom_colors/font_outline_modulate = Color( 0, 0, 0, 1 )
text = "Options"
align = 1

[node name="Container" parent="Options" instance=ExtResource( 12 )]
margin_left = 0.0
margin_top = 61.0
margin_right = 1100.0
margin_bottom = 260.0
size_flags_vertical = 3

[node name="BackButton" type="TextureButton" parent="Options"]
margin_top = 270.0
margin_right = 1100.0
margin_bottom = 350.0
rect_min_size = Vector2( 0, 80 )
mouse_default_cursor_shape = 2
texture_normal = ExtResource( 3 )
texture_hover = ExtResource( 1 )
expand = true

[node name="Label" type="Label" parent="Options/BackButton"]
margin_right = 1100.0
margin_bottom = 61.0
rect_min_size = Vector2( 0, 80 )
custom_fonts/font = SubResource( 2 )
text = "Back"
align = 1
valign = 1
__meta__ = {
"_edit_use_anchors_": false
}

[node name="Controls" type="VBoxContainer" parent="."]
visible = false
margin_left = 60.0
margin_top = 95.0
margin_right = 1860.0
margin_bottom = 985.0
rect_min_size = Vector2( 1800, 350 )
size_flags_horizontal = 4
size_flags_vertical = 4
custom_constants/separation = 50
alignment = 2

[node name="TitleLabel" type="Label" parent="Controls"]
margin_right = 1800.0
margin_bottom = 51.0
size_flags_horizontal = 3
custom_fonts/font = ExtResource( 7 )
custom_colors/font_outline_modulate = Color( 0, 0, 0, 1 )
text = "Controls"
align = 1

[node name="HBoxContainer" type="HBoxContainer" parent="Controls"]
margin_top = 101.0
margin_right = 1800.0
margin_bottom = 760.0
custom_constants/separation = 50

[node name="VBoxContainer" type="VBoxContainer" parent="Controls/HBoxContainer"]
margin_right = 875.0
margin_bottom = 659.0
size_flags_horizontal = 3
custom_constants/separation = 25

[node name="CameraLabel" type="Label" parent="Controls/HBoxContainer/VBoxContainer"]
margin_right = 875.0
margin_bottom = 36.0
custom_colors/font_outline_modulate = Color( 0, 0, 0, 1 )
text = "Camera"

[node name="CameraContainer" type="MarginContainer" parent="Controls/HBoxContainer/VBoxContainer"]
margin_top = 61.0
margin_right = 875.0
margin_bottom = 413.0
size_flags_vertical = 3
custom_constants/margin_left = 25
custom_constants/margin_bottom = 110

[node name="VBoxContainer" type="VBoxContainer" parent="Controls/HBoxContainer/VBoxContainer/CameraContainer"]
margin_left = 25.0
margin_right = 875.0
margin_bottom = 242.0
custom_constants/separation = 25

[node name="ControlHint1" type="HBoxContainer" parent="Controls/HBoxContainer/VBoxContainer/CameraContainer/VBoxContainer"]
margin_right = 850.0
margin_bottom = 64.0
rect_min_size = Vector2( 500, 0 )
rect_pivot_offset = Vector2( -1137.17, -270.685 )
size_flags_horizontal = 3
theme = ExtResource( 6 )
__meta__ = {
"_edit_use_anchors_": false
}

[node name="DescriptionLabel" type="Label" parent="Controls/HBoxContainer/VBoxContainer/CameraContainer/VBoxContainer/ControlHint1"]
margin_right = 570.0
margin_bottom = 64.0
mouse_filter = 0
size_flags_horizontal = 3
size_flags_vertical = 3
text = "Move Camera"
valign = 1

[node name="TextureRect" type="TextureRect" parent="Controls/HBoxContainer/VBoxContainer/CameraContainer/VBoxContainer/ControlHint1"]
margin_left = 574.0
margin_right = 622.0
margin_bottom = 64.0
texture = ExtResource( 8 )
__meta__ = {
"_edit_use_anchors_": false
}

[node name="Label" type="Label" parent="Controls/HBoxContainer/VBoxContainer/CameraContainer/VBoxContainer/ControlHint1"]
margin_left = 626.0
margin_top = 14.0
margin_right = 850.0
margin_bottom = 50.0
text = " + click & drag"

[node name="ControlHint2" type="HBoxContainer" parent="Controls/HBoxContainer/VBoxContainer/CameraContainer/VBoxContainer"]
margin_top = 89.0
margin_right = 850.0
margin_bottom = 153.0
rect_min_size = Vector2( 500, 0 )
rect_pivot_offset = Vector2( -1137.17, -270.685 )
size_flags_horizontal = 3
theme = ExtResource( 6 )
__meta__ = {
"_edit_use_anchors_": false
}

[node name="DescriptionLabel" type="Label" parent="Controls/HBoxContainer/VBoxContainer/CameraContainer/VBoxContainer/ControlHint2"]
margin_right = 473.0
margin_bottom = 64.0
mouse_filter = 0
size_flags_horizontal = 3
size_flags_vertical = 3
text = "Move Camera"
valign = 1

[node name="KeyPanel" type="PanelContainer" parent="Controls/HBoxContainer/VBoxContainer/CameraContainer/VBoxContainer/ControlHint2"]
margin_left = 477.0
margin_right = 541.0
margin_bottom = 64.0
rect_min_size = Vector2( 64, 64 )
custom_styles/panel = SubResource( 4 )

[node name="KeyLabel" type="Label" parent="Controls/HBoxContainer/VBoxContainer/CameraContainer/VBoxContainer/ControlHint2/KeyPanel"]
margin_left = 15.0
margin_top = 14.0
margin_right = 48.0
margin_bottom = 50.0
mouse_filter = 0
size_flags_horizontal = 4
text = "W"
align = 1
valign = 1
__meta__ = {
"_edit_use_anchors_": false
}

[node name="Label" type="Label" parent="Controls/HBoxContainer/VBoxContainer/CameraContainer/VBoxContainer/ControlHint2"]
margin_left = 545.0
margin_top = 14.0
margin_right = 576.0
margin_bottom = 50.0
text = " / "

[node name="KeyPanel2" type="PanelContainer" parent="Controls/HBoxContainer/VBoxContainer/CameraContainer/VBoxContainer/ControlHint2"]
margin_left = 580.0
margin_right = 644.0
margin_bottom = 64.0
rect_min_size = Vector2( 64, 64 )
custom_styles/panel = SubResource( 4 )

[node name="KeyLabel" type="Label" parent="Controls/HBoxContainer/VBoxContainer/CameraContainer/VBoxContainer/ControlHint2/KeyPanel2"]
margin_left = 20.0
margin_top = 14.0
margin_right = 43.0
margin_bottom = 50.0
mouse_filter = 0
size_flags_horizontal = 4
text = "A"
align = 1
valign = 1
__meta__ = {
"_edit_use_anchors_": false
}

[node name="Label2" type="Label" parent="Controls/HBoxContainer/VBoxContainer/CameraContainer/VBoxContainer/ControlHint2"]
margin_left = 648.0
margin_top = 14.0
margin_right = 679.0
margin_bottom = 50.0
text = " / "

[node name="KeyPanel3" type="PanelContainer" parent="Controls/HBoxContainer/VBoxContainer/CameraContainer/VBoxContainer/ControlHint2"]
margin_left = 683.0
margin_right = 747.0
margin_bottom = 64.0
rect_min_size = Vector2( 64, 64 )
custom_styles/panel = SubResource( 4 )

[node name="KeyLabel" type="Label" parent="Controls/HBoxContainer/VBoxContainer/CameraContainer/VBoxContainer/ControlHint2/KeyPanel3"]
margin_left = 22.0
margin_top = 14.0
margin_right = 42.0
margin_bottom = 50.0
mouse_filter = 0
size_flags_horizontal = 4
text = "S"
align = 1
valign = 1
__meta__ = {
"_edit_use_anchors_": false
}

[node name="Label3" type="Label" parent="Controls/HBoxContainer/VBoxContainer/CameraContainer/VBoxContainer/ControlHint2"]
margin_left = 751.0
margin_top = 14.0
margin_right = 782.0
margin_bottom = 50.0
text = " / "

[node name="KeyPanel4" type="PanelContainer" parent="Controls/HBoxContainer/VBoxContainer/CameraContainer/VBoxContainer/ControlHint2"]
margin_left = 786.0
margin_right = 850.0
margin_bottom = 64.0
rect_min_size = Vector2( 64, 64 )
custom_styles/panel = SubResource( 4 )

[node name="KeyLabel" type="Label" parent="Controls/HBoxContainer/VBoxContainer/CameraContainer/VBoxContainer/ControlHint2/KeyPanel4"]
margin_left = 20.0
margin_top = 14.0
margin_right = 44.0
margin_bottom = 50.0
mouse_filter = 0
size_flags_horizontal = 4
text = "D"
align = 1
valign = 1
__meta__ = {
"_edit_use_anchors_": false
}

[node name="ControlHint3" type="HBoxContainer" parent="Controls/HBoxContainer/VBoxContainer/CameraContainer/VBoxContainer"]
margin_top = 178.0
margin_right = 850.0
margin_bottom = 242.0
rect_min_size = Vector2( 500, 0 )
rect_pivot_offset = Vector2( -1137.17, -270.685 )
size_flags_horizontal = 3
theme = ExtResource( 6 )
__meta__ = {
"_edit_use_anchors_": false
}

[node name="DescriptionLabel" type="Label" parent="Controls/HBoxContainer/VBoxContainer/CameraContainer/VBoxContainer/ControlHint3"]
margin_right = 782.0
margin_bottom = 64.0
mouse_filter = 0
size_flags_horizontal = 3
size_flags_vertical = 3
text = "Change Zoom"
valign = 1

[node name="TextureRect" type="TextureRect" parent="Controls/HBoxContainer/VBoxContainer/CameraContainer/VBoxContainer/ControlHint3"]
margin_left = 786.0
margin_right = 850.0
margin_bottom = 64.0
rect_min_size = Vector2( 64, 64 )
texture = ExtResource( 9 )
stretch_mode = 6

[node name="UILabel" type="Label" parent="Controls/HBoxContainer/VBoxContainer"]
margin_top = 438.0
margin_right = 875.0
margin_bottom = 474.0
custom_colors/font_outline_modulate = Color( 0, 0, 0, 1 )
text = "UI"

[node name="UIContainer" type="MarginContainer" parent="Controls/HBoxContainer/VBoxContainer"]
margin_top = 499.0
margin_right = 875.0
margin_bottom = 659.0
size_flags_vertical = 3
custom_constants/margin_left = 25

[node name="VBoxContainer" type="VBoxContainer" parent="Controls/HBoxContainer/VBoxContainer/UIContainer"]
margin_left = 25.0
margin_right = 875.0
margin_bottom = 160.0
custom_constants/separation = 25

[node name="ControlHint1" type="HBoxContainer" parent="Controls/HBoxContainer/VBoxContainer/UIContainer/VBoxContainer"]
margin_right = 850.0
margin_bottom = 64.0
rect_min_size = Vector2( 500, 0 )
rect_pivot_offset = Vector2( -1137.17, -270.685 )
size_flags_horizontal = 3
theme = ExtResource( 6 )
__meta__ = {
"_edit_use_anchors_": false
}

[node name="DescriptionLabel" type="Label" parent="Controls/HBoxContainer/VBoxContainer/UIContainer/VBoxContainer/ControlHint1"]
margin_right = 782.0
margin_bottom = 64.0
mouse_filter = 0
size_flags_horizontal = 3
size_flags_vertical = 3
text = "Open Building Details"
valign = 1

[node name="TextureRect" type="TextureRect" parent="Controls/HBoxContainer/VBoxContainer/UIContainer/VBoxContainer/ControlHint1"]
margin_left = 786.0
margin_right = 850.0
margin_bottom = 64.0
rect_min_size = Vector2( 64, 64 )
texture = ExtResource( 8 )
stretch_mode = 6
__meta__ = {
"_edit_use_anchors_": false
}

[node name="ControlHint2" parent="Controls/HBoxContainer/VBoxContainer/UIContainer/VBoxContainer" instance=ExtResource( 5 )]
margin_top = 89.0
margin_right = 850.0
margin_bottom = 153.0
description = "Close Window"

[node name="VBoxContainer2" type="VBoxContainer" parent="Controls/HBoxContainer"]
margin_left = 925.0
margin_right = 1800.0
margin_bottom = 659.0
size_flags_horizontal = 3
custom_constants/separation = 25

[node name="BuildingLabel" type="Label" parent="Controls/HBoxContainer/VBoxContainer2"]
margin_right = 875.0
margin_bottom = 36.0
custom_colors/font_outline_modulate = Color( 0, 0, 0, 1 )
text = "Build"

[node name="BuildingContainer" type="MarginContainer" parent="Controls/HBoxContainer/VBoxContainer2"]
margin_top = 61.0
margin_right = 875.0
margin_bottom = 659.0
size_flags_vertical = 3
custom_constants/margin_left = 25

[node name="VBoxContainer" type="VBoxContainer" parent="Controls/HBoxContainer/VBoxContainer2/BuildingContainer"]
margin_left = 25.0
margin_right = 875.0
margin_bottom = 598.0
custom_constants/separation = 25

[node name="ControlHint" parent="Controls/HBoxContainer/VBoxContainer2/BuildingContainer/VBoxContainer" instance=ExtResource( 5 )]
margin_right = 850.0
margin_bottom = 64.0
size_flags_vertical = 4
key = "Q"
description = "Open Building Picker"

[node name="ControlHint2" parent="Controls/HBoxContainer/VBoxContainer2/BuildingContainer/VBoxContainer" instance=ExtResource( 5 )]
margin_top = 89.0
margin_right = 850.0
margin_bottom = 153.0
key = "R"
description = "Rotate Building counter-clockwise"

[node name="ControlHint5" parent="Controls/HBoxContainer/VBoxContainer2/BuildingContainer/VBoxContainer" instance=ExtResource( 5 )]
margin_top = 178.0
margin_right = 850.0
margin_bottom = 242.0
key = "Shift"
description = "Rotate Building clockwise"
show_plus = true

[node name="KeyPanel4" type="PanelContainer" parent="Controls/HBoxContainer/VBoxContainer2/BuildingContainer/VBoxContainer/ControlHint5"]
margin_left = 786.0
margin_right = 850.0
margin_bottom = 64.0
rect_min_size = Vector2( 64, 64 )
custom_styles/panel = SubResource( 4 )

[node name="KeyLabel" type="Label" parent="Controls/HBoxContainer/VBoxContainer2/BuildingContainer/VBoxContainer/ControlHint5/KeyPanel4"]
margin_left = 20.0
margin_top = 14.0
margin_right = 43.0
margin_bottom = 50.0
mouse_filter = 0
size_flags_horizontal = 4
text = "R"
align = 1
valign = 1
__meta__ = {
"_edit_use_anchors_": false
}

[node name="ControlHint3" type="HBoxContainer" parent="Controls/HBoxContainer/VBoxContainer2/BuildingContainer/VBoxContainer"]
margin_top = 267.0
margin_right = 850.0
margin_bottom = 331.0
rect_min_size = Vector2( 500, 0 )
rect_pivot_offset = Vector2( -1137.17, -270.685 )
size_flags_horizontal = 3
theme = ExtResource( 6 )
__meta__ = {
"_edit_use_anchors_": false
}

[node name="DescriptionLabel" type="Label" parent="Controls/HBoxContainer/VBoxContainer2/BuildingContainer/VBoxContainer/ControlHint3"]
margin_right = 782.0
margin_bottom = 64.0
mouse_filter = 0
size_flags_horizontal = 3
size_flags_vertical = 3
text = "Place Building"
valign = 1

[node name="TextureRect" type="TextureRect" parent="Controls/HBoxContainer/VBoxContainer2/BuildingContainer/VBoxContainer/ControlHint3"]
margin_left = 786.0
margin_right = 850.0
margin_bottom = 64.0
rect_min_size = Vector2( 64, 64 )
texture = ExtResource( 8 )
stretch_mode = 6
__meta__ = {
"_edit_use_anchors_": false
}

[node name="ControlHint4" parent="Controls/HBoxContainer/VBoxContainer2/BuildingContainer/VBoxContainer" instance=ExtResource( 5 )]
margin_top = 356.0
margin_right = 850.0
margin_bottom = 420.0
key = "Ctrl"
description = "Place Multiple Buildings"
show_plus = true

[node name="TextureRect" type="TextureRect" parent="Controls/HBoxContainer/VBoxContainer2/BuildingContainer/VBoxContainer/ControlHint4"]
margin_left = 574.0
margin_right = 622.0
margin_bottom = 64.0
rect_min_size = Vector2( 0, 64 )
texture = ExtResource( 8 )
stretch_mode = 6
__meta__ = {
"_edit_use_anchors_": false
}

[node name="ControlLabel3" type="Label" parent="Controls/HBoxContainer/VBoxContainer2/BuildingContainer/VBoxContainer/ControlHint4"]
margin_left = 626.0
margin_top = 14.0
margin_right = 850.0
margin_bottom = 50.0
text = " + click & drag"
align = 2

[node name="ControlHint7" type="HBoxContainer" parent="Controls/HBoxContainer/VBoxContainer2/BuildingContainer/VBoxContainer"]
margin_top = 445.0
margin_right = 850.0
margin_bottom = 509.0
rect_min_size = Vector2( 500, 0 )
rect_pivot_offset = Vector2( -1137.17, -270.685 )
size_flags_horizontal = 3
theme = ExtResource( 6 )
__meta__ = {
"_edit_use_anchors_": false
}

[node name="DescriptionLabel" type="Label" parent="Controls/HBoxContainer/VBoxContainer2/BuildingContainer/VBoxContainer/ControlHint7"]
margin_right = 782.0
margin_bottom = 64.0
mouse_filter = 0
size_flags_horizontal = 3
size_flags_vertical = 3
text = "Drop selected Building"
valign = 1

[node name="TextureRect" type="TextureRect" parent="Controls/HBoxContainer/VBoxContainer2/BuildingContainer/VBoxContainer/ControlHint7"]
margin_left = 786.0
margin_right = 850.0
margin_bottom = 64.0
rect_min_size = Vector2( 64, 64 )
texture = ExtResource( 10 )
stretch_mode = 6
__meta__ = {
"_edit_use_anchors_": false
}

[node name="ControlHint6" type="HBoxContainer" parent="Controls/HBoxContainer/VBoxContainer2/BuildingContainer/VBoxContainer"]
margin_top = 534.0
margin_right = 850.0
margin_bottom = 598.0
rect_min_size = Vector2( 500, 0 )
rect_pivot_offset = Vector2( -1137.17, -270.685 )
size_flags_horizontal = 3
theme = ExtResource( 6 )
__meta__ = {
"_edit_use_anchors_": false
}

[node name="DescriptionLabel" type="Label" parent="Controls/HBoxContainer/VBoxContainer2/BuildingContainer/VBoxContainer/ControlHint6"]
margin_right = 782.0
margin_bottom = 64.0
mouse_filter = 0
size_flags_horizontal = 3
size_flags_vertical = 3
text = "Pick Building under Cursor"
valign = 1

[node name="TextureRect" type="TextureRect" parent="Controls/HBoxContainer/VBoxContainer2/BuildingContainer/VBoxContainer/ControlHint6"]
margin_left = 786.0
margin_right = 850.0
margin_bottom = 64.0
rect_min_size = Vector2( 64, 64 )
texture = ExtResource( 11 )
stretch_mode = 6
__meta__ = {
"_edit_use_anchors_": false
}

[node name="BackButton" type="TextureButton" parent="Controls"]
margin_left = 400.0
margin_top = 810.0
margin_right = 1400.0
margin_bottom = 890.0
rect_min_size = Vector2( 1000, 80 )
mouse_default_cursor_shape = 2
size_flags_horizontal = 4
texture_normal = ExtResource( 3 )
texture_hover = ExtResource( 1 )
expand = true

[node name="Label" type="Label" parent="Controls/BackButton"]
anchor_right = 1.0
anchor_bottom = 1.0
custom_fonts/font = SubResource( 2 )
text = "Back"
align = 1
valign = 1
__meta__ = {
"_edit_use_anchors_": false
}

[connection signal="pressed" from="Buttons/ResumeButton" to="." method="_on_ResumeButton_pressed"]
[connection signal="pressed" from="Buttons/SaveButton" to="." method="_on_SaveButton_pressed"]
[connection signal="pressed" from="Buttons/ControlButton" to="." method="_on_ControlButton_pressed"]
[connection signal="pressed" from="Buttons/OptionsButton" to="." method="_on_OptionsButton_pressed"]
[connection signal="pressed" from="Buttons/MenuButton" to="." method="_on_MenuButton_pressed"]
[connection signal="pressed" from="Save/SaveAndQuitButton" to="." method="_on_SaveAndQuitButton_pressed"]
[connection signal="pressed" from="Save/BackButton" to="." method="_on_BackButton_pressed"]
[connection signal="pressed" from="Options/BackButton" to="." method="_on_BackButton_pressed"]
[connection signal="pressed" from="Controls/BackButton" to="." method="_on_BackButton_pressed"]
