[gd_scene load_steps=19 format=2]

[ext_resource path="res://components/win/firework_blast.tscn" type="PackedScene" id=1]
[ext_resource path="res://assets/theme.tres" type="Theme" id=2]
[ext_resource path="res://assets/dialogue_title.tres" type="DynamicFont" id=3]
[ext_resource path="res://assets/images/textBox.png" type="Texture" id=4]
[ext_resource path="res://assets/images/textBox2.png" type="Texture" id=5]
[ext_resource path="res://assets/fonts/Oxanium-SemiBold.ttf" type="DynamicFontData" id=6]
[ext_resource path="res://assets/penguins/cape/cape_penguin_icon.png" type="Texture" id=7]
[ext_resource path="res://assets/penguins/chinstrap/chinstrap_penguin_icon.png" type="Texture" id=8]
[ext_resource path="res://assets/penguins/fairy/fairy_penguin_icon.png" type="Texture" id=9]
[ext_resource path="res://assets/penguins/emperor/emperor_penguin_icon.png" type="Texture" id=10]
[ext_resource path="res://assets/penguins/robot/robot_penguin_icon.png" type="Texture" id=11]
[ext_resource path="res://assets/penguins/macaroni/macaroni_penguin_icon.png" type="Texture" id=12]
[ext_resource path="res://components/win/win_screen.gd" type="Script" id=13]
[ext_resource path="res://components/win/building_stat.tscn" type="PackedScene" id=14]

[sub_resource type="StyleBoxFlat" id=1]
bg_color = Color( 0.129412, 0.129412, 0.129412, 0.784314 )

[sub_resource type="StyleBoxFlat" id=2]
content_margin_left = 25.0
content_margin_right = 25.0
content_margin_top = 50.0
content_margin_bottom = 25.0
bg_color = Color( 0.129412, 0.129412, 0.129412, 0.784314 )

[sub_resource type="DynamicFont" id=3]
size = 60
font_data = ExtResource( 6 )

[sub_resource type="DynamicFont" id=4]
size = 60
font_data = ExtResource( 6 )

[node name="WinScreen" type="Panel"]
anchor_right = 1.0
anchor_bottom = 1.0
mouse_filter = 2
size_flags_horizontal = 3
size_flags_vertical = 3
theme = ExtResource( 2 )
custom_styles/panel = SubResource( 1 )
script = ExtResource( 13 )
__meta__ = {
"_edit_use_anchors_": false
}

[node name="FireworkLayer" type="Control" parent="."]
__meta__ = {
"_edit_use_anchors_": false
}

[node name="FireworkBlast1" parent="FireworkLayer" instance=ExtResource( 1 )]

[node name="FireworkBlast2" parent="FireworkLayer" instance=ExtResource( 1 )]

[node name="FireworkBlast3" parent="FireworkLayer" instance=ExtResource( 1 )]

[node name="FireworkBlast4" parent="FireworkLayer" instance=ExtResource( 1 )]

[node name="FireworkBlast5" parent="FireworkLayer" instance=ExtResource( 1 )]

[node name="FireworkBlast6" parent="FireworkLayer" instance=ExtResource( 1 )]

[node name="FireworkBlast7" parent="FireworkLayer" instance=ExtResource( 1 )]

[node name="StatsContainer" type="CenterContainer" parent="."]
anchor_right = 1.0
anchor_bottom = 1.0
__meta__ = {
"_edit_use_anchors_": false
}

[node name="StatsPanel" type="PanelContainer" parent="StatsContainer"]
margin_left = 560.0
margin_top = 90.0
margin_right = 1360.0
margin_bottom = 990.0
rect_min_size = Vector2( 800, 900 )
theme = ExtResource( 2 )
custom_styles/panel = SubResource( 2 )
__meta__ = {
"_edit_use_anchors_": false
}

[node name="VBoxContainer" type="VBoxContainer" parent="StatsContainer/StatsPanel"]
margin_left = 25.0
margin_top = 50.0
margin_right = 775.0
margin_bottom = 875.0
custom_constants/separation = 50
__meta__ = {
"_edit_use_anchors_": false
}

[node name="TitleLabel" type="Label" parent="StatsContainer/StatsPanel/VBoxContainer"]
margin_right = 750.0
margin_bottom = 51.0
size_flags_horizontal = 3
custom_fonts/font = ExtResource( 3 )
custom_colors/font_outline_modulate = Color( 0, 0, 0, 1 )
text = "Success!"
align = 1
__meta__ = {
"_edit_use_anchors_": false
}

[node name="StatsGrid" type="GridContainer" parent="StatsContainer/StatsPanel/VBoxContainer"]
margin_top = 101.0
margin_right = 750.0
margin_bottom = 259.0
custom_constants/vseparation = 25
custom_constants/hseparation = 25
columns = 2

[node name="Label" type="Label" parent="StatsContainer/StatsPanel/VBoxContainer/StatsGrid"]
margin_right = 310.0
margin_bottom = 36.0
custom_colors/font_outline_modulate = Color( 0, 0, 0, 1 )
text = "Time played:"

[node name="TimeLabel" type="Label" parent="StatsContainer/StatsPanel/VBoxContainer/StatsGrid"]
margin_left = 335.0
margin_right = 750.0
margin_bottom = 36.0
size_flags_horizontal = 3
custom_colors/font_outline_modulate = Color( 0, 0, 0, 1 )
text = "99h 99min"
align = 2

[node name="Label2" type="Label" parent="StatsContainer/StatsPanel/VBoxContainer/StatsGrid"]
margin_top = 61.0
margin_right = 310.0
margin_bottom = 97.0
custom_colors/font_outline_modulate = Color( 0, 0, 0, 1 )
text = "Total Penguins:"

[node name="PenguinLabel" type="Label" parent="StatsContainer/StatsPanel/VBoxContainer/StatsGrid"]
margin_left = 335.0
margin_top = 61.0
margin_right = 750.0
margin_bottom = 97.0
size_flags_horizontal = 3
custom_colors/font_outline_modulate = Color( 0, 0, 0, 1 )
text = "17000"
align = 2

[node name="Label3" type="Label" parent="StatsContainer/StatsPanel/VBoxContainer/StatsGrid"]
margin_top = 122.0
margin_right = 310.0
margin_bottom = 158.0
custom_colors/font_outline_modulate = Color( 0, 0, 0, 1 )
text = "Sacrificed Flowers:"

[node name="FlowersLabel" type="Label" parent="StatsContainer/StatsPanel/VBoxContainer/StatsGrid"]
margin_left = 335.0
margin_top = 122.0
margin_right = 750.0
margin_bottom = 158.0
size_flags_horizontal = 3
custom_colors/font_outline_modulate = Color( 0, 0, 0, 1 )
text = "42000"
align = 2

[node name="BuildingStatContainer" type="VBoxContainer" parent="StatsContainer/StatsPanel/VBoxContainer"]
margin_top = 309.0
margin_right = 750.0
margin_bottom = 572.0
custom_constants/separation = 15

[node name="Label" type="Label" parent="StatsContainer/StatsPanel/VBoxContainer/BuildingStatContainer"]
margin_right = 750.0
margin_bottom = 36.0
text = "Used Buildings:"

[node name="BuildingStatGrid" type="GridContainer" parent="StatsContainer/StatsPanel/VBoxContainer/BuildingStatContainer"]
margin_top = 51.0
margin_right = 750.0
margin_bottom = 263.0
custom_constants/vseparation = 10
custom_constants/hseparation = 50
columns = 4

[node name="BuildingStat" parent="StatsContainer/StatsPanel/VBoxContainer/BuildingStatContainer/BuildingStatGrid" instance=ExtResource( 14 )]
anchor_right = 0.0
anchor_bottom = 0.0
margin_right = 150.0
margin_bottom = 64.0

[node name="BuildingStat2" parent="StatsContainer/StatsPanel/VBoxContainer/BuildingStatContainer/BuildingStatGrid" instance=ExtResource( 14 )]
anchor_right = 0.0
anchor_bottom = 0.0
margin_left = 200.0
margin_right = 350.0
margin_bottom = 64.0

[node name="BuildingStat3" parent="StatsContainer/StatsPanel/VBoxContainer/BuildingStatContainer/BuildingStatGrid" instance=ExtResource( 14 )]
anchor_right = 0.0
anchor_bottom = 0.0
margin_left = 400.0
margin_right = 550.0
margin_bottom = 64.0

[node name="BuildingStat4" parent="StatsContainer/StatsPanel/VBoxContainer/BuildingStatContainer/BuildingStatGrid" instance=ExtResource( 14 )]
anchor_right = 0.0
anchor_bottom = 0.0
margin_left = 600.0
margin_right = 750.0
margin_bottom = 64.0

[node name="BuildingStat5" parent="StatsContainer/StatsPanel/VBoxContainer/BuildingStatContainer/BuildingStatGrid" instance=ExtResource( 14 )]
anchor_right = 0.0
anchor_bottom = 0.0
margin_top = 74.0
margin_right = 150.0
margin_bottom = 138.0

[node name="BuildingStat6" parent="StatsContainer/StatsPanel/VBoxContainer/BuildingStatContainer/BuildingStatGrid" instance=ExtResource( 14 )]
anchor_right = 0.0
anchor_bottom = 0.0
margin_left = 200.0
margin_top = 74.0
margin_right = 350.0
margin_bottom = 138.0

[node name="BuildingStat7" parent="StatsContainer/StatsPanel/VBoxContainer/BuildingStatContainer/BuildingStatGrid" instance=ExtResource( 14 )]
anchor_right = 0.0
anchor_bottom = 0.0
margin_left = 400.0
margin_top = 74.0
margin_right = 550.0
margin_bottom = 138.0

[node name="BuildingStat8" parent="StatsContainer/StatsPanel/VBoxContainer/BuildingStatContainer/BuildingStatGrid" instance=ExtResource( 14 )]
anchor_right = 0.0
anchor_bottom = 0.0
margin_left = 600.0
margin_top = 74.0
margin_right = 750.0
margin_bottom = 138.0

[node name="BuildingStat9" parent="StatsContainer/StatsPanel/VBoxContainer/BuildingStatContainer/BuildingStatGrid" instance=ExtResource( 14 )]
anchor_right = 0.0
anchor_bottom = 0.0
margin_top = 148.0
margin_right = 150.0
margin_bottom = 212.0

[node name="BuildingStat10" parent="StatsContainer/StatsPanel/VBoxContainer/BuildingStatContainer/BuildingStatGrid" instance=ExtResource( 14 )]
anchor_right = 0.0
anchor_bottom = 0.0
margin_left = 200.0
margin_top = 148.0
margin_right = 350.0
margin_bottom = 212.0

[node name="BuildingStat11" parent="StatsContainer/StatsPanel/VBoxContainer/BuildingStatContainer/BuildingStatGrid" instance=ExtResource( 14 )]
anchor_right = 0.0
anchor_bottom = 0.0
margin_left = 400.0
margin_top = 148.0
margin_right = 550.0
margin_bottom = 212.0

[node name="BuildingStat12" parent="StatsContainer/StatsPanel/VBoxContainer/BuildingStatContainer/BuildingStatGrid" instance=ExtResource( 14 )]
anchor_right = 0.0
anchor_bottom = 0.0
margin_left = 600.0
margin_top = 148.0
margin_right = 750.0
margin_bottom = 212.0

[node name="ButtonContainer" type="VBoxContainer" parent="StatsContainer/StatsPanel/VBoxContainer"]
margin_top = 622.0
margin_right = 750.0
margin_bottom = 825.0
size_flags_vertical = 3
custom_constants/separation = 10
alignment = 2

[node name="ResumeButton" type="TextureButton" parent="StatsContainer/StatsPanel/VBoxContainer/ButtonContainer"]
margin_top = 33.0
margin_right = 750.0
margin_bottom = 113.0
rect_min_size = Vector2( 0, 80 )
mouse_default_cursor_shape = 2
texture_normal = ExtResource( 4 )
texture_hover = ExtResource( 5 )
expand = true

[node name="Label" type="Label" parent="StatsContainer/StatsPanel/VBoxContainer/ButtonContainer/ResumeButton"]
anchor_right = 1.0
anchor_bottom = 1.0
margin_left = 5.29126
margin_top = -3.17477
margin_right = 5.29126
margin_bottom = -3.17477
custom_fonts/font = SubResource( 3 )
text = "Continue"
align = 1
valign = 1
__meta__ = {
"_edit_use_anchors_": false
}

[node name="MenuButton" type="TextureButton" parent="StatsContainer/StatsPanel/VBoxContainer/ButtonContainer"]
margin_top = 123.0
margin_right = 750.0
margin_bottom = 203.0
rect_min_size = Vector2( 0, 80 )
mouse_default_cursor_shape = 2
texture_normal = ExtResource( 4 )
texture_hover = ExtResource( 5 )
expand = true

[node name="Label" type="Label" parent="StatsContainer/StatsPanel/VBoxContainer/ButtonContainer/MenuButton"]
anchor_right = 1.0
anchor_bottom = 1.0
rect_pivot_offset = Vector2( 84.3319, 35 )
custom_fonts/font = SubResource( 4 )
text = "Quit to Menu"
align = 1
valign = 1
__meta__ = {
"_edit_use_anchors_": false
}

[node name="Decoration" type="Control" parent="StatsContainer"]
margin_left = 960.0
margin_top = 540.0
margin_right = 960.0
margin_bottom = 540.0
__meta__ = {
"_edit_use_anchors_": false
}

[node name="TextureRect" type="TextureRect" parent="StatsContainer/Decoration"]
margin_left = -450.0
margin_top = -475.0
margin_right = -322.0
margin_bottom = -347.0
texture = ExtResource( 7 )
expand = true
__meta__ = {
"_edit_use_anchors_": false
}

[node name="TextureRect2" type="TextureRect" parent="StatsContainer/Decoration"]
margin_left = -385.0
margin_top = -500.0
margin_right = -257.0
margin_bottom = -372.0
texture = ExtResource( 9 )
expand = true
__meta__ = {
"_edit_use_anchors_": false
}

[node name="TextureRect3" type="TextureRect" parent="StatsContainer/Decoration"]
margin_left = -320.0
margin_top = -525.0
margin_right = -192.0
margin_bottom = -397.0
texture = ExtResource( 8 )
expand = true
__meta__ = {
"_edit_use_anchors_": false
}

[node name="TextureRect4" type="TextureRect" parent="StatsContainer/Decoration"]
margin_left = 192.0
margin_top = -525.0
margin_right = 320.0
margin_bottom = -402.0
texture = ExtResource( 12 )
expand = true
flip_h = true
__meta__ = {
"_edit_use_anchors_": false
}

[node name="TextureRect5" type="TextureRect" parent="StatsContainer/Decoration"]
margin_left = 257.0
margin_top = -500.0
margin_right = 385.0
margin_bottom = -372.0
texture = ExtResource( 10 )
expand = true
flip_h = true
__meta__ = {
"_edit_use_anchors_": false
}

[node name="TextureRect6" type="TextureRect" parent="StatsContainer/Decoration"]
margin_left = 322.0
margin_top = -475.0
margin_right = 450.0
margin_bottom = -347.0
texture = ExtResource( 11 )
expand = true
flip_h = true
__meta__ = {
"_edit_use_anchors_": false
}
