[gd_resource type="Theme" load_steps=17 format=2]

[ext_resource path="res://assets/fonts/Oxanium-SemiBold.ttf" type="DynamicFontData" id=1]
[ext_resource path="res://assets/images/overlay_h_gray.png" type="Texture" id=2]

[sub_resource type="StyleBoxFlat" id=1]
bg_color = Color( 0.301961, 0.301961, 0.301961, 0.784314 )
corner_radius_top_left = 5
corner_radius_top_right = 5
corner_radius_bottom_right = 5
corner_radius_bottom_left = 5

[sub_resource type="StyleBoxFlat" id=2]
bg_color = Color( 0.211765, 0.211765, 0.211765, 0.588235 )
corner_radius_top_left = 5
corner_radius_top_right = 5
corner_radius_bottom_right = 5
corner_radius_bottom_left = 5

[sub_resource type="StyleBoxFlat" id=3]
bg_color = Color( 0.35, 0.35, 0.35, 1 )
corner_radius_top_left = 5
corner_radius_top_right = 5
corner_radius_bottom_right = 5
corner_radius_bottom_left = 5

[sub_resource type="StyleBoxEmpty" id=4]

[sub_resource type="StyleBoxEmpty" id=5]

[sub_resource type="StyleBoxEmpty" id=6]

[sub_resource type="StyleBoxEmpty" id=7]

[sub_resource type="StyleBoxEmpty" id=8]

[sub_resource type="StyleBoxTexture" id=9]
content_margin_left = 25.0
content_margin_right = 25.0
content_margin_top = 25.0
content_margin_bottom = 25.0
texture = ExtResource( 2 )
region_rect = Rect2( 0, 0, 1545, 636 )
modulate_color = Color( 1, 1, 1, 0.960784 )

[sub_resource type="StyleBoxFlat" id=10]
bg_color = Color( 0.129412, 0.129412, 0.129412, 0.784314 )
corner_radius_top_left = 10
corner_radius_top_right = 10
corner_radius_bottom_right = 10
corner_radius_bottom_left = 10

[sub_resource type="StyleBoxFlat" id=11]
bg_color = Color( 0.054902, 0.211765, 0.207843, 0.666667 )
border_width_left = 10
border_width_top = 10
border_width_right = 10
border_width_bottom = 10
border_color = Color( 0, 0, 0, 0 )
corner_radius_top_left = 10
corner_radius_top_right = 10
corner_radius_bottom_right = 10
corner_radius_bottom_left = 10

[sub_resource type="DynamicFont" id=12]
size = 24
font_data = ExtResource( 1 )

[sub_resource type="StyleBoxFlat" id=13]
content_margin_left = 5.0
content_margin_right = 5.0
content_margin_top = 5.0
content_margin_bottom = 5.0
bg_color = Color( 0.0666667, 0.0666667, 0.0666667, 0.870588 )

[sub_resource type="DynamicFont" id=14]
size = 35
font_data = ExtResource( 1 )

[resource]
default_font = SubResource( 14 )
Button/colors/font_color = Color( 0.88, 0.88, 0.88, 1 )
Button/colors/font_color_disabled = Color( 0.9, 0.9, 0.9, 0.2 )
Button/colors/font_color_hover = Color( 0.1092, 0.42, 0.40964, 0.784314 )
Button/colors/font_color_pressed = Color( 1, 1, 1, 1 )
Button/constants/hseparation = 2
Button/fonts/font = null
Button/styles/disabled = null
Button/styles/focus = null
Button/styles/hover = SubResource( 1 )
Button/styles/normal = SubResource( 2 )
Button/styles/pressed = SubResource( 3 )
CheckButton/colors/font_color = Color( 0.88, 0.88, 0.88, 1 )
CheckButton/colors/font_color_disabled = Color( 0.9, 0.9, 0.9, 0.2 )
CheckButton/colors/font_color_hover = Color( 0.94, 0.94, 0.94, 1 )
CheckButton/colors/font_color_hover_pressed = Color( 1, 1, 1, 1 )
CheckButton/colors/font_color_pressed = Color( 1, 1, 1, 1 )
CheckButton/constants/check_vadjust = 0
CheckButton/constants/hseparation = 4
CheckButton/fonts/font = null
CheckButton/icons/off = null
CheckButton/icons/off_disabled = null
CheckButton/icons/on = null
CheckButton/icons/on_disabled = null
CheckButton/styles/disabled = null
CheckButton/styles/focus = SubResource( 4 )
CheckButton/styles/hover = SubResource( 5 )
CheckButton/styles/hover_pressed = SubResource( 6 )
CheckButton/styles/normal = SubResource( 7 )
CheckButton/styles/pressed = SubResource( 8 )
PanelContainer/styles/panel = SubResource( 9 )
ProgressBar/colors/font_color = Color( 0.94, 0.94, 0.94, 1 )
ProgressBar/colors/font_color_shadow = Color( 0, 0, 0, 1 )
ProgressBar/fonts/font = null
ProgressBar/styles/bg = SubResource( 10 )
ProgressBar/styles/fg = SubResource( 11 )
TooltipLabel/colors/font_color = Color( 1, 1, 1, 1 )
TooltipLabel/colors/font_color_shadow = Color( 0, 0, 0, 0 )
TooltipLabel/constants/shadow_offset_x = 1
TooltipLabel/constants/shadow_offset_y = 1
TooltipLabel/fonts/font = SubResource( 12 )
TooltipPanel/styles/panel = SubResource( 13 )
