[gd_scene load_steps=10 format=2]

[ext_resource path="res://components/building_uis/panel_title.tscn" type="PackedScene" id=1]
[ext_resource path="res://assets/theme.tres" type="Theme" id=2]
[ext_resource path="res://components/building_uis/_columns/produces/produces.tscn" type="PackedScene" id=3]
[ext_resource path="res://components/building_uis/_columns/penguins/penguins.tscn" type="PackedScene" id=4]
[ext_resource path="res://components/building_uis/blacksmith/blacksmith.gd" type="Script" id=5]
[ext_resource path="res://assets/sounds/click2.wav" type="AudioStream" id=6]
[ext_resource path="res://assets/sounds/click1.wav" type="AudioStream" id=7]
[ext_resource path="res://components/building_uis/_columns/needs/needs.tscn" type="PackedScene" id=8]
[ext_resource path="res://components/building_uis/progress_bar.tscn" type="PackedScene" id=9]

[node name="Blacksmith" type="PanelContainer"]
anchor_top = 1.0
anchor_right = 1.0
anchor_bottom = 1.0
margin_top = -524.0
grow_vertical = 0
theme = ExtResource( 2 )
script = ExtResource( 5 )
__meta__ = {
"_edit_use_anchors_": false
}

[node name="VBoxContainer" type="VBoxContainer" parent="."]
margin_left = 25.0
margin_top = 25.0
margin_right = 1895.0
margin_bottom = 499.0
custom_constants/separation = 25

[node name="Title" parent="VBoxContainer" instance=ExtResource( 1 )]
margin_left = 0.0
margin_top = 0.0
margin_right = 1870.0
margin_bottom = 64.0

[node name="CenterContainer" type="CenterContainer" parent="VBoxContainer"]
margin_top = 89.0
margin_right = 1870.0
margin_bottom = 379.0

[node name="HBoxContainer" type="HBoxContainer" parent="VBoxContainer/CenterContainer"]
margin_left = 35.0
margin_right = 1835.0
margin_bottom = 290.0
custom_constants/separation = 100

[node name="Penguins" parent="VBoxContainer/CenterContainer/HBoxContainer" instance=ExtResource( 4 )]
margin_bottom = 290.0

[node name="Needs" parent="VBoxContainer/CenterContainer/HBoxContainer" instance=ExtResource( 8 )]

[node name="Produces" parent="VBoxContainer/CenterContainer/HBoxContainer" instance=ExtResource( 3 )]
margin_left = 1200.0
margin_right = 1800.0
margin_bottom = 290.0

[node name="ProgressBar" parent="VBoxContainer" instance=ExtResource( 9 )]
anchor_top = 0.0
anchor_right = 0.0
anchor_bottom = 0.0
margin_top = 404.0
margin_right = 1870.0
margin_bottom = 474.0

[node name="ClickOn" type="AudioStreamPlayer" parent="."]
stream = ExtResource( 6 )

[node name="ClickOff" type="AudioStreamPlayer" parent="."]
stream = ExtResource( 7 )
